@article{adler2011ensemble,
  title={Ensemble classification of paired data},
  author={Adler, Werner and Brenning, Alexander and Potapov, Sergej and Schmid, Matthias and Lausen, Berthold},
  journal={Computational Statistics \& Data Analysis},
  volume={55},
  number={5},
  pages={1933--1941},
  year={2011},
  publisher={Elsevier}
}

@article{adler2011classification,
  title={Classification of repeated measurements data using tree-based ensemble methods},
  author={Adler, Werner and Potapov, Sergej and Lausen, Berthold},
  journal={Computational Statistics},
  volume={26},
  number={2},
  pages={355--369},
  year={2011},
  publisher={Springer}
}

@article{allen2011interaction,
  title={An interaction-based approach to enhancing secondary school instruction and student achievement},
  author={Allen, Joseph P and Pianta, Robert C and Gregory, Anne and Mikami, Amori Yee and Lun, Janetta},
  journal={Science},
  volume={333},
  number={6045},
  pages={1034--1037},
  year={2011},
  publisher={American Association for the Advancement of Science}
}

@book{berk2008statistical,
  title={Statistical learning from a regression perspective},
  author={Berk, Richard A},
  year={2008},
  publisher={Springer},
  address={New York, NY}
}

@Manual{multilevelR,
  title = {multilevel: Multilevel Functions},
  author = {Paul Bliese},
  year = {2013},
  note = {R package version 2.5},
  url = {http://CRAN.R-project.org/package=multilevel},
}

@article{brandmaier2013structural,
  title={Structural equation model trees.},
  author={Brandmaier, Andreas M and von Oertzen, Timo and McArdle, John J and Lindenberger, Ulman},
  journal={Psychological methods},
  volume={18},
  number={1},
  pages={71},
  year={2013},
  publisher={American Psychological Association}
}

@article{breiman1996bagging,
  title={Bagging predictors},
  author={Breiman, Leo},
  journal={Machine learning},
  volume={24},
  number={2},
  pages={123--140},
  year={1996},
  publisher={Springer}
}

@article{breiman2001statistical,
  title={Statistical Modeling: The Two Cultures},
  author={Breiman, Leo},
  journal={Statistical Science},
  volume={16},
  number={3},
  pages={199--231},
  year={2001}
}

@article{breiman2001random,
  title={Random forests},
  author={Breiman, Leo},
  journal={Machine learning},
  volume={45},
  number={1},
  pages={5--32},
  year={2001},
  publisher={Springer}
}

@article{breiman2003manual,
  title={Manual--Setting up, using and understanding random forests v4.0},
  author={Breiman, L},
  year={2003},
  url={http://oz. berkeley. edu/users/breiman}
}

@book{breiman1984classification,
  title={Classification and regression trees},
  author={Breiman, Leo and Friedman, Jerome and Stone, Charles J and Olshen, Richard A},
  year={1984},
  city={New York, NY},
  publisher={CRC press}
}

@article{buhlmann2002analyzing,
  title={Analyzing bagging},
  author={B{\"u}hlmann, Peter and Yu, Bin},
  journal={Annals of Statistics},
  pages={927--961},
  year={2002},
  publisher={JSTOR}
}

@inproceedings{caruana2006empirical,
  title={An empirical comparison of supervised learning algorithms},
  author={Caruana, Rich and Niculescu-Mizil, Alexandru},
  booktitle={Proceedings of the 23rd international conference on Machine learning},
  pages={161--168},
  year={2006},
  organization={ACM}
}

@misc{duncan2014,
   author = {Duncan, G J and Engel, M and Claessens, A and Dowsett, C J},
   title = {The value of replication for developmental science},
   year = {in prep.}
}

@article{eliot2011ridge,
  title={Ridge Regression for Longitudinal Biomarker Data},
  author={Eliot, Melissa and Ferguson, Jane and Reilly, Muredach P and Foulkes, Andrea S},
  journal={The international journal of biostatistics},
  volume={7},
  number={1},
  pages={1--11},
  year={2011}
}

@article{eo2013tree,
  title={Tree-structured Mixed-effects Regression Modeling for Longitudinal Data},
  author={Eo, Soo-Heang and Cho, HyungJun},
  journal={Journal of Computational and Graphical Statistics},
  volume={23},
  number={3},
  year={2013},
  publisher={Taylor \& Francis}
}

@article{finkelinpress,
  title={Best research practices in psychology: Illustrating epistemological and pragmatic considerations with the case of relationship science},
  author={Finkel, E J and Eastwick, P W and Reis, H T},
  journal={Journal of Personality and Social Psychology},
  year={in press}
}

@article{fu2014unbiased,
  title={Unbiased Regression Trees for Longitudinal Data},
  author={Fu, Wei and Simonoff, Jeffrey S},
  journal={Available at SSRN:},
  url={http://ssrn.com/abstract=2399976},
  year={in prep}
}

@article{gelman2014statistical,
  title={The statistical crisis in science},
  author={Gelman, Andrew and Loken, Eric},
  journal={American Scientist},
  pages={1--5},
  year={2014}
}

@article{hajjem2011mixed,
  title={Mixed effects regression trees for clustered data},
  author={Hajjem, Ahlem and Bellavance, Fran{\c{c}}ois and Larocque, Denis},
  journal={Statistics \& probability letters},
  volume={81},
  number={4},
  pages={451--459},
  year={2011},
  publisher={Elsevier}
}

@article{hajjem2014mixed,
  title={Mixed-effects random forest for clustered data},
  author={Hajjem, Ahlem and Bellavance, Fran{\c{c}}ois and Larocque, Denis},
  journal={Journal of Statistical Computation and Simulation},
  volume={84},
  number={6},
  pages={1313--1328},
  year={2014},
  publisher={Taylor \& Francis}
}

@phdthesis{hapfelmeier2012analysis,
  title={Analysis of missing data with random forests},
  author={Hapfelmeier, Alexander},
  year={2012},
  school={LMU MÃ¼nchen: Faculty of Mathematics, Computer Science, and Statistics}
}

@article{hapfelmeier2012recursive,
  title={Recursive partitioning on incomplete data using surrogate decisions and multiple imputation},
  author={Hapfelmeier, Alexander and Hothorn, Torsten and Ulm, Kurt},
  journal={Computational Statistics \& Data Analysis},
  volume={56},
  number={6},
  pages={1552--1565},
  year={2012},
  publisher={Elsevier}
}

@article{hapfelmeier2014new,
  title={A new variable importance measure for random forests with missing data},
  author={Hapfelmeier, Alexander and Hothorn, Torsten and Ulm, Kurt and Strobl, Carolin},
  journal={Statistics and Computing},
  volume={24},
  number={1},
  pages={21--34},
  year={2014},
  publisher={Springer}
}

@book{hastie2009elements,
  title={The elements of statistical learning},
  author={Hastie, Trevor and Tibshirani, Robert and Friedman, Jerome},
  year={2009},
  edition={2},
  city={New York, NY},
  publisher={Springer}
}

@misc{hastie2013,
   author = {Hastie, T and Tibshirani, R},
   title = {An interview with Jerome Friedman},
   year = {2013},
   month = {December},
   url = {https://www.youtube.com/watch?v=79tR7BvYE6w}
}

@article{hothorn2006survival,
  title={Survival ensembles},
  author={Hothorn, Torsten and B{\"u}hlmann, Peter and Dudoit, Sandrine and Molinaro, Annette and Van Der Laan, Mark J},
  journal={Biostatistics},
  volume={7},
  number={3},
  pages={355--373},
  year={2006},
  publisher={Biometrika Trust}
}

@article{hothorn2006unbiased,
  title={Unbiased recursive partitioning: A conditional inference framework},
  author={Hothorn, Torsten and Hornik, Kurt and Zeileis, Achim},
  journal={Journal of Computational and Graphical statistics},
  volume={15},
  number={3},
  pages={651--674},
  year={2006},
  publisher={Taylor \& Francis}
}

@article{ioannidis2005most,
  title={Why most published research findings are false},
  author={Ioannidis, John PA},
  journal={PLoS medicine},
  volume={2},
  number={8},
  pages={e124},
  year={2005},
  publisher={Public Library of Science}
}

@Manual{ISLRR,
    title = {ISLR: Data for An Introduction to Statistical Learning with Applications in R},
    author = {Gareth James and Daniela Witten and Trevor Hastie and Rob Tibshirani},
    year = {2013},
    note = {R package version 1.0},
    url = {http://CRAN.R-project.org/package=ISLR},
}

@book{james2013introduction,
  title={An introduction to statistical learning},
  author={James, Gareth and Witten, Daniela and Hastie, Trevor and Tibshirani, Robert},
  year={2013},
  city={New York, NY},
  publisher={Springer}
}

@article{karpievitch2009introspective,
  title={An introspective comparison of random forest-based classifiers for the analysis of cluster-correlated data by way of RF++},
  author={Karpievitch, Yuliya V and Hill, Elizabeth G and Leclerc, Anthony P and Dabney, Alan R and Almeida, Jonas S},
  journal={PloS one},
  volume={4},
  number={9},
  pages={e7087},
  year={2009},
  publisher={Public Library of Science}
}

@article{kopf2010potential,
  title={The potential of model-based recursive partitioning in the social sciences: Revisiting Ockham's Razor},
  author={Kopf, Julia and Augustin, Thomas and Strobl, Carolin},
  year={2013},
  book={Contemporary issues in exploratory data mining in the behavioral sciences},
  pages={75-95},
  editors={McArdle, J J and Ritschard, G},
  city={New York, NY},
  publisher={Routledge}
}

@article{liaw2002classification,
  title={Classification and Regression by randomForest},
  author={Liaw, Andy and Wiener, Matthew},
  journal={R news},
  volume={2},
  number={3},
  pages={18--22},
  year={2002}
}

@book{luke2004multilevel,
  title={Multilevel modeling},
  author={Luke, Douglas A},
  year={2004},
  city={CA},
  publisher={Sage}
}

@article{loh2002regression,
  title={Regression trees with unbiased variable selection and interaction detection},
  author={Loh, Wei-Yin},
  journal={Statistica Sinica},
  volume={12},
  number={2},
  pages={361--386},
  year={2002},
}

@article{loh1997split,
  title={Split selection methods for classification trees},
  author={Loh, Wei-Yin and Shih, Yu-Shan},
  journal={Statistica sinica},
  volume={7},
  number={4},
  pages={815--840},
  year={1997},
}

@article{loh2013regression,
  title={Regression trees for longitudinal and multiresponse data},
  author={Loh, Wei-Yin and Zheng, Wei and others},
  journal={The Annals of Applied Statistics},
  volume={7},
  number={1},
  pages={495--522},
  year={2013},
  publisher={Institute of Mathematical Statistics}
}

@article{makel2014facts,
  title={Facts Are More Important Than Novelty Replication in the Education Sciences},
  author={Makel, Matthew C and Plucker, Jonathan A},
  journal={Educational Researcher},
  year={2014}
}

@article{martin2014growth,
  title={Growth mixture models outperform simpler clustering algorithms when detecting longitudinal heterogeneity, even with small sample sizes},
  author={Martin, Daniel P and von Oertzen, Timo},
  journal={Structural Equation Modeling},
  year={in press},
}

@techreport{molnar2013,
    author      = "Christoph Molnar",
    title       = "Recursive partitioning by conditional inference",
    institution = "LMU: Department of Statistics",
    year        = "2013",
    type        = "Seminar Paper"
}

@article{morgan1963problems,
  title={Problems in the analysis of survey data, and a proposal},
  author={Morgan, James N and Sonquist, John A},
  journal={Journal of the American Statistical Association},
  volume={58},
  number={302},
  pages={415--434},
  year={1963},
}

@incollection{mcardle2013,
  title={Exploratory data mining using decision trees in the behavioral sciences},
  author={McArdle, J J},
  year={2013},
  pages={3-47},
  booktitle={Contemporary issues in exploratory data mining in the behavioral sciences},
  editor={McArdle, J J and Ritschard, G},
  address={New York, NY},
  publisher={Routledge}
}

@article{nosek2012scientific,
  title={Scientific utopia II: Restructuring incentives and practices to promote truth over publishability},
  author={Nosek, Brian A and Spies, Jeffrey R and Motyl, Matt},
  journal={Perspectives on Psychological Science},
  volume={7},
  number={6},
  pages={615--631},
  year={2012}
}

@incollection{oscinpress,
  title={Maximizing the reproducibility of your research},
  author={{Open Science Collaboration}},
  year={in press},
  booktitle={Psychological Science Under Scrutiny: Recent Challenges and Proposed Solutions},
  editor={Lilienfeld, S O and Waldman, I D},
  address={New York, NY},
  publisher={Wiley}
}

@incollection{osc2014,
  title={The reproducibility project: A model of large-scale collaboration for empirical research on reproducibility},
  author={{Open Science Collaboration}},
  year={2014},
  booktitle={Implementing Reproducible Computational Research},
  editor={Stodden, V and Leisch, F and Peng, R},
  pages={299-323},
  address={New York, NY},
  publisher={Taylor \& Francis}
}

@article{pedregosa2011scikit,
  title={Scikit-learn: Machine learning in Python},
  author={Pedregosa, Fabian and Varoquaux, Ga{\"e}l and Gramfort, Alexandre and Michel, Vincent and Thirion, Bertrand and Grisel, Olivier and Blondel, Mathieu and Prettenhofer, Peter and Weiss, Ron and Dubourg, Vincent and others},
  journal={The Journal of Machine Learning Research},
  volume={12},
  pages={2825--2830},
  year={2011},
}

@article{peugh2010practical,
  title={A practical guide to multilevel modeling},
  author={Peugh, James L},
  journal={Journal of School Psychology},
  volume={48},
  number={1},
  pages={85--112},
  year={2010},
  publisher={Elsevier}
}

@misc{prindle2014,
  author = {Prindle, J J and Brandmaier, A M and McArdle, J J and Lindenberger, U},
  title = {Exploratory modeling with structural equation model forests},
  year = {2014},
  note = {Poster presented at the 16th annual meeting of the Association for Psychological Science, San Francisco, CA.}
}

@article{quinlan1986induction,
  title={Induction of decision trees},
  author={Quinlan, J. Ross},
  journal={Machine learning},
  volume={1},
  number={1},
  pages={81--106},
  year={1986},
  publisher={Springer}
}

@inproceedings{quinlan1995oversearching,
  title={Oversearching and Layered Search in Empirical Learning},
  author={Quinlan, J R and Cameron-Jones, R M},
  booktitle={Proceesings of the 14th International Joint Conference on Artificial Intelligence},
  volume={2},
  pages={1019--1024},
  year={1995},
  city={Montreal, CA}
}

@Manual{Rcore,
  title = {R: A Language and Environment for Statistical Computing},
  author = {{R Core Team}},
  organization = {R Foundation for Statistical Computing},
  address = {Vienna, Austria},
  year = {2014},
  url = {http://www.R-project.org/},
}

@article{raileanu2004theoretical,
  title={Theoretical comparison between the Gini index and information gain criteria},
  author={Raileanu, Laura Elena and Stoffel, Kilian},
  journal={Annals of Mathematics and Artificial Intelligence},
  volume={41},
  number={1},
  pages={77--93},
  year={2004},
  publisher={Springer}
}

@article{rice1991estimating,
  title={Estimating the mean and covariance structure nonparametrically when the data are curves},
  author={Rice, John A and Silverman, Bernard W},
  journal={Journal of the Royal Statistical Society. Series B (Methodological)},
  pages={233--243},
  year={1991},
  publisher={JSTOR}
}

@misc{rieger2010random,
  title={Random forests with missing values in the covariates},
  author={Rieger, Anna and Hothorn, Torsten and Strobl, Carolin},
  year={2010},
  note={Department of Statistics: Technical Reports, No. 79}
}

@article{rimm2013efficacy,
  title={Efficacy of the Responsive Classroom approach: Results from a three year, longitudinal randomized control trial},
  author={Rimm-Kaufman, Sara E and Larsen, Ross and Baroody, Alison and Curby, Tim and Merritt, Eileen and Abry, Tashia and Thomas, Julie and Ko, Michelle},
  journal={American Educational Research Journal},
  volume={51},
  number={3},
  pages={567-603},
  year={2014}
}

@article{rubin1976inference,
  title={Inference and missing data},
  author={Rubin, Donald B},
  journal={Biometrika},
  volume={63},
  number={3},
  pages={581--592},
  year={1976},
  publisher={Biometrika Trust}
}

@article{schelldorfer2011estimation,
  title={Estimation for High-Dimensional Linear Mixed-Effects Models Using L1-Penalization},
  author={Schelldorfer, J{\"u}rg and B{\"u}hlmann, Peter and {van de Geer}, Sara},
  journal={Scandinavian Journal of Statistics},
  volume={38},
  number={2},
  pages={197--214},
  year={2011},
  publisher={Wiley Online Library}
}

@techreport{schochet2008technical,
  title={Technical Methods Report: Guidelines for Multiple Testing in Impact Evaluations.},
  number={NCEE 2008-4018},
  author={Schochet, Peter Z},
  institution={National Center for Education Evaluation and Regional Assistance},
  year={2008}
}

@article{segal1992tree,
  title={Tree-structured methods for longitudinal data},
  author={Segal, Mark Robert},
  journal={Journal of the American Statistical Association},
  volume={87},
  number={418},
  pages={407--418},
  year={1992},
  publisher={Taylor \& Francis Group}
}

@article{segal1994representative,
  title={Representative curves for longitudinal data via regression trees},
  author={Segal, Mark R},
  journal={Journal of Computational and Graphical Statistics},
  volume={3},
  number={2},
  pages={214--233},
  year={1994},
  publisher={Taylor \& Francis}
}

@article{sela2012re,
  title={RE-EM trees: a data mining approach for longitudinal and clustered data},
  author={Sela, Rebecca J and Simonoff, Jeffrey S},
  journal={Machine learning},
  volume={86},
  number={2},
  pages={169--207},
  year={2012},
  publisher={Springer}
}

@article{shmueli2010explain,
  title={To explain or to predict?},
  author={Shmueli, Galit},
  journal={Statistical Science},
  pages={289--310},
  year={2010},
  publisher={JSTOR}
}

@article{silberzahn2014,
  title={Crowdsourcing data analysis: Do soccer referees give more red cards to dark skin toned players?},
  author={Silberzahn, R S and Uhlmann, E L and Martin, D P and Nosek, B A},
  year={in prep},
}

@article{simmons2011false,
  title={False-positive psychology undisclosed flexibility in data collection and analysis allows presenting anything as significant},
  author={Simmons, Joseph P and Nelson, Leif D and Simonsohn, Uri},
  journal={Psychological Science},
  volume={22},
  number={11},
  pages={1359--1366},
  year={2011},
  publisher={Sage Publications}
}

@article{strasser1999asymptotic,
  title={On the asymptotic theory of permutation statistics},
  author={Strasser, Helmut and Weber, Christian},
  year={1999},
  volume={8},
  pages={220-250}
}

@article{strobl2007bias,
  title={Bias in random forest variable importance measures: Illustrations, sources and a solution},
  author={Strobl, Carolin and Boulesteix, Anne-Laure and Zeileis, Achim and Hothorn, Torsten},
  journal={BMC Bioinformatics},
  volume={8},
  number={1},
  pages={25},
  year={2007},
}

@article{strobl2009introduction,
  title={An introduction to recursive partitioning: Rationale, application, and characteristics of classification and regression trees, bagging, and random forests.},
  author={Strobl, Carolin and Malley, James and Tutz, Gerhard},
  journal={Psychological Methods},
  volume={14},
  number={4},
  pages={323--348},
  year={2009},
}

@article{therneau2014introduction,
  title={An introduction to recursive partitioning using the RPART routines},
  author={Therneau, Terry M and Atkinson, Elizabeth J},
  year={2014},
 url={http://cran.r-project.org/web/packages/rpart/vignettes/longintro.pdf}
}

@incollection{tucker1966,
  author      = {Tucker, L R},
  title       = {Learning theory and multivariate experiment: Illustration by determination of generalized learning curves.},
  editor      = {Cattell, R B},
  booktitle   = {Handbook of multivariate experimental psychology},
  publisher   = {Rand McNally},
  year        = {1966}
}

@book{tukey1977exploratory,
  title={Exploratory data analysis},
  author={Tukey, John W},
  year={1977},
  address={Reading, Mass.},
  publisher={Addison-Wesley}
}

@article{wagenmakers2012agenda,
  title={An agenda for purely confirmatory research},
  author={Wagenmakers, Eric-Jan and Wetzels, Ruud and Borsboom, Denny and van der Maas, Han LJ and Kievit, Rogier A},
  journal={Perspectives on Psychological Science},
  volume={7},
  number={6},
  pages={632--638},
  year={2012},
  publisher={Sage Publications}
}

@article{zeileis2008model,
  title={Model-based recursive partitioning},
  author={Zeileis, Achim and Hothorn, Torsten and Hornik, Kurt},
  journal={Journal of Computational and Graphical Statistics},
  volume={17},
  number={2},
  pages={492--514},
  year={2008}
}